
@inproceedings{Forster2014ICRA,
  author = {Forster, Christian and Pizzoli, Matia and Scaramuzza, Davide},
  title = {{SVO}: Fast Semi-Direct Monocular Visual Odometry},
  booktitle = {IEEE International Conference on Robotics and Automation (ICRA)},
  year = {2014}
}


@book{thrun2005probabilistic,
  title={Probabilistic Robotics},
  author={Thrun, S. and Burgard, W. and Fox, D.},
  isbn={9780262201629},
  lccn={2005043346},
  series={Intelligent robotics and autonomous agents series},
  url={http://books.google.com/books?id=k\_yOQgAACAAJ},
  year={2005},
  publisher={Mit Press}
}

@misc{site:rosten,
  author = "Edward Rosten",
  title = "FAST Corner Detection",
  howpublished = "http://www.edwardrosten.com/work/fast.html",
  note ="[Online; accessed March 2, 2016]"
  }

@misc{site:singh,
  author = "Avi Singh",
  title = "Monocular Visual Odometry using OpenCV",
  howpublished = "https://avisingh599.github.io/vision/monocular-vo/",
  note ="[Online; accessed December 13, 2015]"
  }